<record><leader>00000cas a2200000 a 4500</leader><controlfield tag="001">35763116</controlfield><controlfield tag="008">961019d19uu1947miuar ne      0    0eng c</controlfield><datafield ind1=" " ind2=" " tag="010"><subfield code="a">sn 96077163 </subfield></datafield><datafield ind1=" " ind2=" " tag="040"><subfield code="a">MHN</subfield><subfield code="b">eng</subfield><subfield code="c">MHN</subfield><subfield code="d">OCL</subfield><subfield code="d">OCLCQ</subfield><subfield code="d">OCLCF</subfield><subfield code="d">OCLCO</subfield></datafield><datafield ind1="1" ind2=" " tag="029"><subfield code="a">AU@</subfield><subfield code="b">000012923878</subfield></datafield><datafield ind1=" " ind2=" " tag="042"><subfield code="a">pcc</subfield></datafield><datafield ind1=" " ind2=" " tag="043"><subfield code="a">n-us-mi</subfield></datafield><datafield ind1="0" ind2=" " tag="130"><subfield code="a">State journal (Lansing, Mich. : Old Newsboys ed.)</subfield></datafield><datafield ind1="1" ind2="4" tag="245"><subfield code="a">The state journal.</subfield></datafield><datafield ind1="1" ind2="7" tag="246"><subfield code="a">Lansing state journal</subfield></datafield><datafield ind1=" " ind2=" " tag="250"><subfield code="a">Old Newsboys ed.</subfield></datafield><datafield ind1=" " ind2=" " tag="260"><subfield code="a">Lansing, Mich. :</subfield><subfield code="b">State Journal Co.</subfield></datafield><datafield ind1=" " ind2=" " tag="300"><subfield code="a">v.</subfield></datafield><datafield ind1=" " ind2=" " tag="310"><subfield code="a">Annual</subfield></datafield><datafield ind1="0" ind2=" " tag="362"><subfield code="a">-Dec. 16, 1947.</subfield></datafield><datafield ind1=" " ind2=" " tag="500"><subfield code="a">Charity edition published once a year by the Old Newsboys of Lansing to raise money to aid needy children. Edition is mostly a spoof.</subfield></datafield><datafield ind1=" " ind2=" " tag="515"><subfield code="a">Numbering irregular.</subfield></datafield><datafield ind1=" " ind2=" " tag="515"><subfield code="a">Issues called: Dec. 17, 1950 but constitutes Dec. 17, 1937; Issue called: Dec. 17, 1950 but constitutes Dec. 17, 1940.</subfield></datafield><datafield ind1=" " ind2=" " tag="588"><subfield code="a">Description based on: Dec. 32, 1939 [i.e. Dec. 15, 1932] Correct date from running title.</subfield></datafield><datafield ind1=" " ind2="0" tag="651"><subfield code="a">Lansing (Mich.)</subfield><subfield code="v">Newspapers.</subfield></datafield><datafield ind1=" " ind2="0" tag="651"><subfield code="a">Ingham County (Mich.)</subfield><subfield code="v">Newspapers.</subfield></datafield><datafield ind1=" " ind2="7" tag="655"><subfield code="a">Newspapers.</subfield><subfield code="2">fast</subfield><subfield code="0">(OCoLC)fst01423814</subfield></datafield><datafield ind1=" " ind2="7" tag="651"><subfield code="a">Michigan</subfield><subfield code="z">Ingham County.</subfield><subfield code="2">fast</subfield><subfield code="0">(OCoLC)fst01209050</subfield></datafield><datafield ind1=" " ind2="7" tag="651"><subfield code="a">Michigan</subfield><subfield code="z">Lansing.</subfield><subfield code="2">fast</subfield><subfield code="0">(OCoLC)fst01208349</subfield></datafield><datafield ind1=" " ind2=" " tag="752"><subfield code="a">United States</subfield><subfield code="b">Michigan</subfield><subfield code="c">Ingham</subfield><subfield code="d">Lansing.</subfield></datafield><datafield ind1="0" ind2="0" tag="785"><subfield code="t">Olde Newsboye</subfield><subfield code="w">(DLC)sn 96077164</subfield><subfield code="w">(OCoLC)35763110</subfield></datafield></record>